@book{Rosen19,
  title={Discrete Mathematics and Its Applications},
  author={Rosen, K.H.},
  isbn={9781260091991},
  lccn={2018008740},
  url={https://books.google.com.pk/books?id=T_K9tgEACAAJ},
  year={2019},
  publisher={McGraw-Hill}
}